@Article{Ganopol_accurate,
  title =	 {A Highly Accurate Algorithm for the Solution of the Point Kinetics
          Equations},
  author =	 {Barry Ganopol},
  journal =	 {Annals of Nuclear Energy},
  volume =	 62,
  year =	 2013,
  month =	 jan,
  pages =	 {564--571},
}

@Article{Ragusa,
  title =	 {Consisten and Accurate Schemes for Coupled Neutronics Thermal-Hydraulics
  Reactor Analysis},
  author =	 {Jean Ragusa, Vijay Mahadevan},
  journal =	 {Nuclear Engineering and Design},
  volume =	 239,
  year =	 2009,
  pages =	 {566--579},
}

@Article{Serpent,
  title =	 {The Serpent Monte Carlo code: Status, Development and Applications in 2013},
  author =	 {Jaakko Leppanen and Maria Pusa and Tuomas Viitanen and Ville Valtavirta and Toni Kaltiaisenaho},
  journal =	 {Annals of Nuclear Energy},
  volume =	 82,
  year =	 2015,
  pages =	 {142--150},
}

@Article{Analytical,
  title =	 {Analytical Solution to Solve the Point Reactor kinetics Equations},
  author =	 {Abdallah A. Nahla},
  journal =	 {Nuclear Energy and Design},
  volume =	 240,
  year =	 2010,
  pages =	 {1622--1629},
}

@Book{Dynamics,
  title = {Dynamics of Nuclear Reactors},
  author= {David Hetrick},
  publisher= {The University of Chicago Press},
  year = 1971,
}

@Book{Keepin,
  title = {Physics of Nuclear Kinetics},
  author= {G.R. Keepin},
  publisher= {Addison-Wesley, New York},
  year = 1965,
}
